@MISC{hadoop,
	TITLE        = "https://hadoop.apache.org/",
}

@article{iot,
  title={{The internet of things: a survey}},
  author={Li, Shancang and Da Xu, Li and Zhao, Shanshan},
  journal={Information Systems Frontiers},
  volume={17},
  number={2},
  pages={243--259},
  year={2015},
  publisher={Springer}
}

@article{m4,
  title={{Adaptive Optical Sensing in an Object Tracking DDDAS}},
  author={Vodacek, Anthony and Kerekes, John P and Hoffman, Matthew J},
  journal={Procedia Computer Science},
  volume={9},
  pages={1159--1166},
  year={2012},
  publisher={Elsevier}
}


@article{m5,
  title={{A Dynamic Data Driven Application System for Real-time Monitoring of Stochastic Damage}},
  author={Prudencio, Erenesto E and Bauman, Paul T and Williams, SV and Faghihi, D and Ravi-Chandar, K and Oden, J Tinsley},
  journal={Procedia Computer Science},
  volume={18},
  pages={2056--2065},
  year={2013},
  publisher={Elsevier}
}


@article{m6,
  title={{A Dynamic Data Driven Application System for Vehicle Tracking}},
  author={Fujimoto, Richard and Guin, Angshuman and Hunter, Michael and Park, Haesun and Kanitkar, Gaurav and Kannan, Ramakrishnan and Milholen, Michael and Neal, SaBra and Pecher, Philip},
  journal={Procedia Computer Science},
  volume={29},
  pages={1203--1215},
  year={2014},
  publisher={Elsevier}
}

@article{m2,
  title={{A DDDAS Framework for Volcanic Ash Propagation and Hazard Analysis}},
  author={Patra, A and Bursik, Marcus and Dehn, Jon and Jones, M and Pavolonis, Michael and Pitman, E Bruce and Singh, Tarunraj and Singla, Puneet and Webley, P},
  journal={Procedia Computer Science},
  volume={9},
  pages={1090--1099},
  year={2012},
  publisher={Elsevier}
}

@article{m3,
  title={{Coupling Wind Dynamics into a DDDAS Forest Fire Propagation Prediction System}},
  author={Brun, Carlos and Art{\'e}es, Tom'as and Margalef, Tom'as and Cort{\'e}es, Ana},
  journal={Procedia Computer Science},
  volume={9},
  pages={1110--1118},
  year={2012},
  publisher={Elsevier}
}


@INPROCEEDINGS{kewencloud,
	AUTHOR       = "Kewen Wang and Mohammad Maifi Hasan Khan and Swapna Gokhale",
	TITLE        = {{Modeling Interference for Apache Spark Jobs}},
	BOOKTITLE    = "Proceedings of IEEE International Conference on Cloud Computing (CLOUD)",
	YEAR         = "2016",
	ADDRESS      = "San Francisco, USA"
}


@inproceedings{amml,
  title={{Enhancing Performance Prediction Robustness by Combining Analytical Modeling and Machine Learning}},
  author={Didona, Diego and Quaglia, Francesco and Romano, Paolo and Torre, Ennio},
  booktitle={Proceedings of the International Conference on Performance Engineering (ICPE). ACM},
  year={2015}
}

@inproceedings{dbseer,
  title={{DBSeer: Resource and Performance Prediction for Building a Next Generation Database Cloud.}},
  author={Mozafari, Barzan and Curino, Carlo and Madden, Samuel},
  booktitle={CIDR},
  year={2013}
}

@inproceedings{cloudscale,
  title={{Ananta: Cloud Scale Load Balancing}},
  author={Patel, Parveen and Bansal, Deepak and Yuan, Lihua and Murthy, Ashwin and Greenberg, Albert and Maltz, David A and Kern, Randy and Kumar, Hemant and Zikos, Marios and Wu, Hongyu and others},
  booktitle={ACM SIGCOMM Computer Communication Review},
  volume={43},
  number={4},
  pages={207--218},
  year={2013},
  organization={ACM}
}

@article{cloudopt,
  title={{Optimization of Resource Provisioning Cost in Cloud Computing}},
  author={Chaisiri, Sivadon and Lee, Bu-Sung and Niyato, Dusit},
  journal={Services Computing, IEEE Transactions on},
  volume={5},
  number={2},
  pages={164--177},
  year={2012},
  publisher={IEEE}
}

@inproceedings{prepare,
  title={{Prepare: Predictive Performance Anomaly Prevention for Virtualized Cloud Systems}},
  author={Tan, Yongmin and Nguyen, Hiep and Shen, Zhiming and Gu, Xiaohui and Venkatramani, Chitra and Rajan, Deepak},
  booktitle={Distributed Computing Systems (ICDCS), 2012 IEEE 32nd International Conference on},
  pages={285--294},
  year={2012},
  organization={IEEE}
}

@inproceedings{oltp,
  title={{Performance and Resource Modeling in Highly-Concurrent OLTP Workloads}},
  author={Mozafari, Barzan and Curino, Carlo and Jindal, Alekh and Madden, Samuel},
  booktitle={Proceedings of the 2013 acm sigmod international conference on management of data},
  pages={301--312},
  year={2013},
  organization={ACM}
}

@inproceedings{starfish,
  title={{Starfish: A Self-tuning System for Big Data Analytics.}},
  author={Herodotou, Herodotos and Lim, Harold and Luo, Gang and Borisov, Nedyalko and Dong, Liang and Cetin, Fatma Bilgen and Babu, Shivnath},
  booktitle={CIDR},
  volume={11},
  pages={261--272},
  year={2011}
}

@inproceedings{pmodel,
  title={{Performance Modeling of MapReduce Jobs in Heterogeneous Cloud Environments}},
  author={Zhang, Zhuoyao and Cherkasova, Ludmila and Loo, Boon Thau},
  booktitle={Proceedings of the 2013 IEEE Sixth International Conference on Cloud Computing},
  pages={839--846},
  year={2013},
  organization={IEEE Computer Society}
}


@article{nosqlmodel,
  title={{Performance evaluation of NoSQL big-data applications using multi-formalism models}},
  author={Barbierato, Enrico and Gribaudo, Marco and Iacono, Mauro},
  journal={Future Generation Computer Systems},
  volume={37},
  pages={345--353},
  year={2014},
  publisher={Elsevier}
}

@article{predict,
  title={{PREDIcT: Towards Predicting the Runtime of Large Scale Iterative Analytics}},
  author={Popescu, Adrian Daniel and Balmin, Andrey and Ercegovac, Vuk and Ailamaki, Anastasia},
  journal={Proceedings of the VLDB Endowment},
  volume={6},
  number={14},
  pages={1678--1689},
  year={2013},
  publisher={VLDB Endowment}
}

@inproceedings{spark,
  title={{Spark: Cluster Computing with Working Sets}},
  author={Zaharia, Matei and Chowdhury, Mosharaf and Franklin, Michael J and Shenker, Scott and Stoica, Ion},
  booktitle={Proceedings of the 2nd USENIX conference on Hot topics in cloud computing},
  year={2010}
}
@inproceedings{rdd,
  title={{Resilient Distributed Datasets: A Fault-Tolerant Abstraction for In-Memory Cluster Computing}},
  author={Zaharia, Matei and Chowdhury, Mosharaf and Das, Tathagata and Dave, Ankur and Ma, Justin and McCauley, Murphy and Franklin, Michael J and Shenker, Scott and Stoica, Ion},
  booktitle={Proceedings of the 9th USENIX conference on Networked Systems Design and Implementation},
  pages={2--2},
  year={2012},
  organization={USENIX Association}
}


@article{khan2015hadoop,
  title={{Hadoop Performance Modeling for Job Estimation and Resource Provisioning}},
  author={Khan, Mukhtaj and Jin, Yong and Li, Maozhen and Xiang, Yang and Jiang, Changjun},
  journal={IEEE Transactions on Parallel and Distributed Systems},
  volume={27},
  number={2},
  pages={441--454},
  year={2016},
  publisher={IEEE}
}




@inproceedings{cheng2015resource,
  title={{Resource and Deadline-Aware Job Scheduling in Dynamic Hadoop Clusters}},
  author={Cheng, Dazhao and Rao, Jia and Jiang, ChangJun and Zhou, Xiaobo},
  booktitle={Parallel and Distributed Processing Symposium (IPDPS), 2015 IEEE International},
  pages={956--965},
  year={2015},
  organization={IEEE}
}
@article{delimitrou2014quasar,
  title={{Quasar: Resource-Efficient and QoS-Aware Cluster Management}},
  author={Delimitrou, Christina and Kozyrakis, Christos},
  journal={ACM SIGPLAN Notices},
  volume={49},
  number={4},
  pages={127--144},
  year={2014},
  publisher={ACM}
}

@inproceedings{hybridmr,
  title={{HybridMR: A Hierarchical MapReduce Scheduler for Hybrid Data Centers}},
  author={Sharma, Bhanu P and Wood, Tim and Das, Chita R},
  booktitle={Distributed Computing Systems (ICDCS), 2013 IEEE 33rd International Conference on},
  pages={102--111},
  year={2013},
  organization={IEEE}
}
@inproceedings{wangperformance,
  title={{Performance Prediction for Apache Spark Platform}},
  author={Wang, Kewen and Khan, Mohammad Maifi Hasan},
  booktitle={High Performance Computing and Communications (HPCC), 2015 IEEE 17th International Conference on},
  pages={166--173},
  year={2015},
  organization={IEEE}
}
@inproceedings{ousterhout2015making,
  title={{Making Sense of Performance in Data Analytics Frameworks.}},
  author={Ousterhout, Kay and Rasti, Ryan and Ratnasamy, Sylvia and Shenker, Scott and Chun, Byung-Gon and ICSI, V},
  booktitle={NSDI},
  volume={15},
  pages={293--307},
  year={2015}
}
@inproceedings{noorshams2014automated,
  title={{Automated Modeling of I/O Performance and Interference Effects in Virtualized Storage Systems}},
  author={Noorshams, Qais and Busch, Andrew and Rentschler, Andreas and Bruhn, Dominik and Kounev, Samuel and Tuma, Petr and Reussner, Ralf},
  booktitle={Distributed Computing Systems Workshops (ICDCSW), 2014 IEEE 34th International Conference on},
  pages={88--93},
  year={2014},
  organization={IEEE}
}
@inproceedings{zhu2012performance,
  title={{A Performance Interference Model for Managing Consolidated Workloads in QoS-Aware Clouds}},
  author={Zhu, Qian and Tung, Teresa},
  booktitle={Cloud Computing (CLOUD), 2012 IEEE 5th International Conference on},
  year={2012},
  organization={IEEE}
}
@inproceedings{lai2014io,
  title={{IO Performance Interference among Consolidated n-Tier Applications: Sharing Is Better Than Isolation for Disks}},
  author={Lai, Chien An and Wang, Qingyang and Kimball, Josh and Li, Jie and Park, Junhee and Pu, Calton},
  booktitle={Cloud Computing (CLOUD), 2014 IEEE 7th International Conference on},
  pages={24--31},
  year={2014},
  organization={IEEE}
}

@inproceedings{kimuraperformance,
  title={{Performance Modeling to Divide Performance Interference of Virtualization and Virtual Machine Combination}},
  author={Kimura, Daisuke and Numata, Eriko and Kawatsu, Masato},
  booktitle={Cloud Computing (CLOUD), 2014 IEEE 7th International Conference on},
  pages={256--263},
  year={2014},
  organization={IEEE}
}
@inproceedings{zhangmimp,
  title={{MIMP: Deadline and Interference Aware Scheduling of Hadoop Virtual Machines}},
  author={Zhang, Wei and Rajasekaran, Sanguthevar and Wood, Tim and Zhu, Mingfa},
  booktitle={Cluster, Cloud and Grid Computing (CCGrid), 2014 14th IEEE/ACM International Symposium on},
  pages={394--403},
  year={2014},
  organization={IEEE}
}
@inproceedings{chen2015cloudscope,
  title={{CloudScope: Diagnosing and Managing Performance Interference in Multi-Tenant Clouds}},
  author={Chen, Xi and Rupprecht, Lukas and Osman, Rasha and Pietzuch, Peter and Franciosi, Felipe and Knottenbelt, William},
  booktitle={Modeling, Analysis and Simulation of Computer and Telecommunication Systems (MASCOTS), 2015 IEEE 23rd International Symposium on},
  pages={164--173},
  year={2015},
  organization={IEEE}
}
@inproceedings{bu2013interference,
  title={{Interference and Locality-Aware Task Scheduling for MapReduce Applications in Virtual Clusters}},
  author={Bu, Xiangping and Rao, Jia and Xu, Cheng-zhong},
  booktitle={Proceedings of the 22nd international symposium on High-performance parallel and distributed computing},
  pages={227--238},
  year={2013},
  organization={ACM}
}
@inproceedings{chiang2014matrix,
  title={{Matrix: Achieving Predictable Virtual Machine Performance in the Clouds}},
  author={Chiang, Ron C and Hwang, Jinho and Huang, H Howie and Wood, Timothy},
  booktitle={11th International Conference on Autonomic Computing (ICAC 14)},
  year={2014}
}
@inproceedings{sharma2013hybridmr,
  title={{HybridMR: A Hierarchical MapReduce Scheduler for Hybrid Data Centers}},
  author={Sharma, Bhanu P and Wood, Tim and Das, Chita R},
  booktitle={Distributed Computing Systems (ICDCS), 2013 IEEE 33rd International Conference on},
  pages={102--111},
  year={2013},
  organization={IEEE}
}
@ONLINE{dstat,
  title={Dstat: Versatile resource statistics tool},
  url = {http://dag.wiee.rs/home-made/dstat/}
}
@ONLINE{xen,
  title={{Xen Project}},
  url = {http://www.xenproject.org/}
}
@ONLINE{sdss,
  title={{Sloan Digital Sky Survey}},
  url = {http://www.sdss.org/}
}
@ONLINE{snap,
  title={{Stanford SNAP}},
  url = {http://snap.stanford.edu/}
}
