@article{cloud,
title={A view of cloud computing},
  author={Armbrust, Michael and Fox, Armando and Griffith, Rean and Joseph, Anthony D and Katz, Randy and Konwinski, Andy and Lee, Gunho and Patterson, David and Rabkin, Ariel and Stoica, Ion and others},
  journal={Communications of the ACM},
  volume={53},
  number={4},
  pages={50--58},
  year={2010},
  publisher={ACM}
}
@inproceedings{spark,
  title={Spark: cluster computing with working sets},
  author={Zaharia, Matei and Chowdhury, Mosharaf and Franklin, Michael J and Shenker, Scott and Stoica, Ion},
  booktitle={Proceedings of the 2nd USENIX conference on Hot topics in cloud computing},
  year={2010}
}
@inproceedings{rdd,
  title={Resilient distributed datasets: A fault-tolerant abstraction for in-memory cluster computing},
  author={Zaharia, Matei and Chowdhury, Mosharaf and Das, Tathagata and Dave, Ankur and Ma, Justin and McCauley, Murphy and Franklin, Michael J and Shenker, Scott and Stoica, Ion},
  booktitle={Proceedings of the 9th USENIX conference on Networked Systems Design and Implementation},
  pages={2--2},
  year={2012},
  organization={USENIX Association}
}
@article{bigdata,
  title={Data mining with big data},
  author={Wu, Xindong and Zhu, Xingquan and Wu, Gong-Qing and Ding, Wei},
  journal={Knowledge and Data Engineering, IEEE Transactions on},
  volume={26},
  number={1},
  pages={97--107},
  year={2014},
  publisher={IEEE}
}
@article{cloudopt,
  title={Optimization of resource provisioning cost in cloud computing},
  author={Chaisiri, Sivadon and Lee, Bu-Sung and Niyato, Dusit},
  journal={Services Computing, IEEE Transactions on},
  volume={5},
  number={2},
  pages={164--177},
  year={2012},
  publisher={IEEE}
}
@inproceedings{cloudscale,
  title={Ananta: Cloud scale load balancing},
  author={Patel, Parveen and Bansal, Deepak and Yuan, Lihua and Murthy, Ashwin and Greenberg, Albert and Maltz, David A and Kern, Randy and Kumar, Hemant and Zikos, Marios and Wu, Hongyu and others},
  booktitle={ACM SIGCOMM Computer Communication Review},
  volume={43},
  number={4},
  pages={207--218},
  year={2013},
  organization={ACM}
}
@inproceedings{dbseer,
  title={DBSeer: Resource and Performance Prediction for Building a Next Generation Database Cloud.},
  author={Mozafari, Barzan and Curino, Carlo and Madden, Samuel},
  booktitle={CIDR},
  year={2013}
}
@inproceedings{prepare,
  title={Prepare: Predictive performance anomaly prevention for virtualized cloud systems},
  author={Tan, Yongmin and Nguyen, Hiep and Shen, Zhiming and Gu, Xiaohui and Venkatramani, Chitra and Rajan, Deepak},
  booktitle={Distributed Computing Systems (ICDCS), 2012 IEEE 32nd International Conference on},
  pages={285--294},
  year={2012},
  organization={IEEE}
}
@incollection{crossp,
  title={Cross-phase optimization in MapReduce},
  author={Heintz, Benjamin and Chandra, Abhishek and Weissman, Jon},
  booktitle={Cloud Computing for Data-Intensive Applications},
  pages={277--302},
  year={2014},
  publisher={Springer}
}
@inproceedings{stat,
  title={Statistics-driven workload modeling for the cloud},
  author={Ganapathi, Archana and Chen, Yanpei and Fox, Armando and Katz, Randy and Patterson, David},
  booktitle={Data Engineering Workshops (ICDEW)},
  pages={87--92},
  year={2010},
  organization={IEEE}
}
@article{predict,
  title={PREDIcT: towards predicting the runtime of large scale iterative analytics},
  author={Popescu, Adrian Daniel and Balmin, Andrey and Ercegovac, Vuk and Ailamaki, Anastasia},
  journal={Proceedings of the VLDB Endowment},
  volume={6},
  number={14},
  pages={1678--1689},
  year={2013},
  publisher={VLDB Endowment}
}
@inproceedings{oltp,
  title={Performance and resource modeling in highly-concurrent oltp workloads},
  author={Mozafari, Barzan and Curino, Carlo and Jindal, Alekh and Madden, Samuel},
  booktitle={Proceedings of the 2013 ACM SIGMOD International Conference on Management of Data},
  pages={301--312},
  year={2013},
  organization={ACM}
}
@inproceedings{starfish,
  title={Starfish: A Self-tuning System for Big Data Analytics.},
  author={Herodotou, Herodotos and Lim, Harold and Luo, Gang and Borisov, Nedyalko and Dong, Liang and Cetin, Fatma Bilgen and Babu, Shivnath},
  booktitle={CIDR},
  volume={11},
  pages={261--272},
  year={2011}
}
@article{nosqlmodel,
  title={Performance evaluation of nosql big-data applications using multi-formalism models},
  author={Barbierato, Enrico and Gribaudo, Marco and Iacono, Mauro},
  journal={Future Generation Computer Systems},
  volume={37},
  pages={345--353},
  year={2014},
  publisher={Elsevier}
}
@inproceedings{pmodel,
  title={Performance modeling of mapreduce jobs in heterogeneous cloud environments},
  author={Zhang, Zhuoyao and Cherkasova, Ludmila and Loo, Boon Thau},
  booktitle={Proceedings of the 2013 IEEE Sixth International Conference on Cloud Computing},
  pages={839--846},
  year={2013},
  organization={IEEE Computer Society}
}
@inproceedings{amml,
  title={Enhancing Performance Prediction Robustness by Combining Analytical Modeling and Machine Learning},
  author={Didona, Diego and Quaglia, Francesco and Romano, Paolo and Torre, Ennio},
  booktitle={Proceedings of the International Conference on Performance Engineering (ICPE). ACM},
  year={2015}
}
@ONLINE{hadoop,
  title={Apache Hadoop},
  url = {https://hadoop.apache.org/}
}
@article{mr,
  title={MapReduce: simplified data processing on large clusters},
  author={Dean, Jeffrey and Ghemawat, Sanjay},
  journal={Communications of the ACM},
  volume={51},
  number={1},
  pages={107--113},
  year={2008},
  publisher={ACM}
}
@incollection{datampi,
  title={Performance benefits of DataMPI: a case study with BigDataBench},
  author={Liang, Fan and Feng, Chen and Lu, Xiaoyi and Xu, Zhiwei},
  booktitle={Big Data Benchmarks, Performance Optimization, and Emerging Hardware},
  pages={111--123},
  year={2014},
  publisher={Springer}
}
@ONLINE{hive,
  title={Apache Hive},
  url = {https://hive.apache.org/}
}
@inproceedings{hdfs,
  title={The hadoop distributed file system},
  author={Shvachko, Konstantin and Kuang, Hairong and Radia, Sanjay and Chansler, Robert},
  booktitle={Mass Storage Systems and Technologies (MSST), 2010 IEEE 26th Symposium on},
  pages={1--10},
  year={2010},
  organization={IEEE}
}
@article{exetime,
  title={Towards predicting query execution time for concurrent and dynamic database workloads},
  author={Wu, Wentao and Chi, Yun and Hac{\'\i}g{\"u}m{\"u}{\c{s}}, Hakan and Naughton, Jeffrey F},
  journal={Proceedings of the VLDB Endowment},
  volume={6},
  number={10},
  pages={925--936},
  year={2013},
  publisher={VLDB Endowment}
}
@inproceedings{ppredict,
  title={Performance prediction for concurrent database workloads},
  author={Duggan, Jennie and Cetintemel, Ugur and Papaemmanouil, Olga and Upfal, Eli},
  booktitle={Proceedings of the 2011 ACM SIGMOD International Conference on Management of data},
  pages={337--348},
  year={2011},
  organization={ACM}
}
@inproceedings{mempredict,
  title={CloudProphet: towards application performance prediction in cloud},
  author={Li, Ang and Zong, Xuanran and Kandula, Srikanth and Yang, Xiaowei and Zhang, Ming},
  booktitle={ACM SIGCOMM Computer Communication Review},
  volume={41},
  number={4},
  pages={426--427},
  year={2011},
  organization={ACM}
}
@inproceedings{mrsample,
  title={Extending map-reduce for efficient predicate-based sampling},
  author={Grover, Raman and Carey, Michael J},
  booktitle={Data Engineering (ICDE), 2012 IEEE 28th International Conference on},
  pages={486--497},
  year={2012},
  organization={IEEE}
}
@ONLINE{json,
  title={JSON},
  url = {http://json.org/}
}
@ONLINE{sdss,
  title={Sloan Digital Sky Survey},
  url = {http://www.sdss.org/}
}
@ONLINE{snap,
  title={Stanford SNAP},
  url = {http://snap.stanford.edu/}
}
